@inproceedings{ashbarry2016blood,
  title={Blood and Violence: Exploring the Impact of Gore in Violent Video Games},
  author={Ashbarry, Louise and Geelan, Benjamin and de Salas, Kristy and Lewis, Ian},
  booktitle={Proceedings of the 2016 Annual Symposium on Computer-Human Interaction in Play},
  pages={44--52},
  year={2016},
  organization={ACM}
}
@inproceedings{thayer2007analyzing,
  title={Analyzing sociocultural perspectives on violence in digital games},
  author={Thayer, Alexander},
  booktitle={Proceedings of the 2007 conference on Future Play},
  pages={23--29},
  year={2007},
  organization={ACM}
}
@inproceedings{jantke2006games,
  title={Games that do not exist communication design beyond the current limits},
  author={Jantke, Klaus P},
  booktitle={Proceedings of the 24th annual ACM international conference on Design of communication},
  pages={35--42},
  year={2006},
  organization={ACM}
}
@article{chakraborty2015public,
  title={Public policy and violence in video games},
  author={Chakraborty, Joyram and Chakraborty, Nirali M},
  journal={interactions},
  volume={22},
  number={1},
  pages={64--67},
  year={2015},
  publisher={ACM}
}
@inproceedings{zendle2015higher,
  title={Higher Graphical Fidelity Decreases Players' Access to Aggressive Concepts in Violent Video Games},
  author={Zendle, David and Cairns, Paul and Kudenko, Daniel},
  booktitle={Proceedings of the 2015 Annual Symposium on Computer-Human Interaction in Play},
  pages={241--251},
  year={2015},
  organization={ACM}
}
@inproceedings{tavinor2007towards,
  title={Towards an ethics of video gaming},
  author={Tavinor, Grant},
  booktitle={Proceedings of the 2007 conference on Future Play},
  pages={1--8},
  year={2007},
  organization={ACM}
}
@article{familiessue,
   author =       {Ward, Mark},
   title =        {Columbine families sue computer game makers},
   editor =       {http://news.bbc.co.uk},
   month =        {May},
   year =         {2001},
   url = {http://news.bbc.co.uk/1/hi/sci/tech/1295920.stm},
   note =         {[Online; posted 1-May-2001]},
 }
@article{familiessue,
   author =       {Reimer, Jeremy},
   title =        {Media looks for nonexisting link to gaming in VT massacre},
   editor =       {https://arstechnica.com},
   month =        {April},
   year =         {2007},
   url = {https://arstechnica.com/uncategorized/2007/04/media-looks-for-nonexisting-link-to-gaming-in-vt-massacre/},
   note =         {[Online; 18-April-2007]},
 }
